@article{LZL,
    author={Shung-Wu Lee and Zarrillo, G. and Chak-Lam Law},
    journal={IEEE Transactions on Antennas and Propagation}, 
    title={Simple formulas for transmission through periodic metal grids or plates}, 
    year={1982},
    volume={30},
    number={5},
    pages={904-909},
    keywords={Electromagnetic scattering;Dielectrics;Slabs;Polarization;Electromagnetic induction;Microwave antennas;Microwave frequencies;Surface emitting lasers;Masers;Mirrors},
    doi={10.1109/TAP.1982.1142923}
}
@manual{syllabus,
    author={Craye Christophe and Tihon Denis},
    title={ELEC2530: Electromagnetic Waves - Chapters 8 to 14},
    year={2025},
    month={March},
    organization={EPL - UCLouvain}
}
@manual{ex9,
    organization={EPL - UCLouvain},
    title={ELEC2530: Electromagnetic Waves - Session 9: Fields in periodic structures},
    year={2025}
}
@manual{statement,
    organization={EPL - UCLouvain},
    title={ELEC2530: Electromagnetic Waves - Lab 1 statement},
    year={2025}
}
@article{scikit-rf,
author={Arsenovic, Alexander and Hillairet, Julien and Anderson, Jackson and Forstén, Henrik and Rieß, Vincent and Eller, Michael and Sauber, Noah and Weikle, Robert and Barnhart, William and Forstmayr, Franz},
journal={IEEE Microwave Magazine},
title={scikit-rf: An Open Source Python Package for Microwave Network Creation, Analysis, and Calibration},
year={2022},
volume={23},
number={1},
pages={98-105},
doi={10.1109/MMM.2021.3117139}}